 @book{demtröder_2, place={Heidelberg}, edition={6}, title={Experimentalphysik 2 Elektrizität und Optik}, publisher={Springer Spektrum}, author={Demtröder, Wolfgang}, year={2017}} 